@inproceedings{ognawala_macke:_2016,
	address = {Singapore Singapore},
	title = {{MACKE}: compositional analysis of low-level vulnerabilities with symbolic execution},
	isbn = {9781450338455},
	shorttitle = {{MACKE}},
	url = {https://dl.acm.org/doi/10.1145/2970276.2970281},
	doi = {10.1145/2970276.2970281},
	language = {en},
	urldate = {2025-06-17},
	booktitle = {Proceedings of the 31st {IEEE}/{ACM} {International} {Conference} on {Automated} {Software} {Engineering}},
	publisher = {ACM},
	author = {Ognawala, Saahil and Ochoa, Martín and Pretschner, Alexander and Limmer, Tobias},
	month = aug,
	year = {2016},
	pages = {780--785},
}

% Foundational symbolic execution papers
@inproceedings{avgerinos_enhancing_2014,
	title = {Enhancing symbolic execution with veritesting},
	booktitle = {Proceedings of the 36th International Conference on Software Engineering},
	publisher = {ACM},
	author = {Avgerinos, Thanassis and Rebert, Alexandre and Cha, Sang Kil and Brumley, David},
	year = {2014},
	pages = {1083--1094},
	series = {ICSE 2014}
}

@inproceedings{schwartz_all_2010,
	title = {All you ever wanted to know about dynamic taint analysis and forward symbolic execution (but might have been afraid to ask)},
	booktitle = {2010 IEEE Symposium on Security and Privacy},
	publisher = {IEEE},
	author = {Schwartz, Edward J and Avgerinos, Thanassis and Brumley, David},
	year = {2010},
	pages = {317--331}
}

@inproceedings{shoshitaishvili_sok_2016,
	title = {{SoK}: (State of) The Art of War: Offensive Techniques in Binary Analysis},
	booktitle = {IEEE Symposium on Security and Privacy},
	publisher = {IEEE},
	author = {Shoshitaishvili, Yan and Wang, Ruoyu and Salls, Christopher and Stephens, Nick and Polino, Mario and Dutcher, Audrey and Grosen, John and Feng, Siji and Hauser, Christophe and Kruegel, Christopher and Vigna, Giovanni},
	year = {2016}
}

% Recent advances in symbolic execution optimization
@article{yao_empc_2025,
	title = {Empc: Effective Path Prioritization for Symbolic Execution with Path Cover},
	journal = {arXiv preprint arXiv:2505.03555},
	author = {Yao, Yongming and She, Zhendong},
	year = {2025}
}

@inproceedings{poeplau_symbolic_2020,
	title = {Symbolic execution with {SymCC}: Don't interpret, compile!},
	booktitle = {29th USENIX Security Symposium},
	publisher = {USENIX Association},
	author = {Poeplau, Sebastian and Francillon, Aurélien},
	year = {2020},
	pages = {181--198}
}

@inproceedings{kuznetsov_efficient_2012,
	title = {Efficient state merging in symbolic execution},
	booktitle = {Proceedings of the 33rd ACM SIGPLAN Conference on Programming Language Design and Implementation},
	publisher = {ACM},
	author = {Kuznetsov, Vitaly and Kinder, Johannes and Bucur, Stefan and Candea, George},
	year = {2012},
	pages = {193--204},
	series = {PLDI '12}
}

% Taint analysis and integration
@inproceedings{ming_taintpipe_2015,
	title = {{TaintPipe}: Pipelined Symbolic Taint Analysis},
	booktitle = {24th USENIX Security Symposium},
	publisher = {USENIX Association},
	author = {Ming, Jiang and Wu, Dinghao and Wang, Jun and Xing, Xinyu and Liu, Zhiqiang},
	year = {2015},
	pages = {65--80}
}

% Hybrid approaches (fuzzing + symbolic execution)
@inproceedings{stephens_driller_2016,
	title = {Driller: Augmenting Fuzzing Through Selective Symbolic Execution},
	booktitle = {Network and Distributed System Security Symposium},
	publisher = {Internet Society},
	author = {Stephens, Nick and Grosen, John and Salls, Christopher and Dutcher, Audrey and Wang, Ruoyu and Corbetta, Jacopo and Shoshitaishvili, Yan and Kruegel, Christopher and Vigna, Giovanni},
	year = {2016},
	series = {NDSS 2016}
}

% Static vs dynamic analysis
@article{chakraborty_deep_2022,
	title = {Deep Learning based Vulnerability Detection: Are We There Yet?},
	journal = {IEEE Transactions on Software Engineering},
	author = {Chakraborty, Saikat and Krishna, Rahul and Ding, Yangruibo and Ray, Baishakhi},
	year = {2022},
	volume = {48},
	number = {9},
	pages = {3280--3296}
}

% Call graphs and program structure
@inproceedings{cao_mvd_2022,
	title = {{MVD}: Memory-related Vulnerability Detection based on Flow-sensitive Graph Neural Networks},
	booktitle = {Proceedings of the 44th International Conference on Software Engineering},
	publisher = {ACM},
	author = {Cao, Sicong and Sun, Xiaobing and Bo, Lili and Wei, Yuanbo and Li, Bin},
	year = {2022},
	pages = {2361--2373},
	series = {ICSE '22}
}

% Modern path prioritization
@inproceedings{cha_learning_2021,
	title = {Learning to Explore Paths for Symbolic Execution},
	booktitle = {Proceedings of the 2021 ACM SIGSAC Conference on Computer and Communications Security},
	publisher = {ACM},
	author = {Cha, Sooyoung and Hong, Seongjoon and Lee, Junhee and Oh, Hakjoo},
	year = {2021},
	pages = {1426--1440},
	series = {CCS '21}
}

% Systematic reviews
@article{baldoni_systematic_2019,
	title = {A Systematic Review of Search Strategies in Dynamic Symbolic Execution},
	journal = {Computer Science Review},
	author = {Baldoni, Roberto and Coppa, Emilio and D'elia, Daniele Cono and Demetrescu, Camil and Finocchi, Irene},
	year = {2019},
	volume = {32},
	pages = {1--19}
}

% Angr framework educational resources
@inproceedings{springer_teaching_2018,
	title = {Teaching with angr: A Symbolic Execution Curriculum and {CTF}},
	booktitle = {2018 IEEE/ACM 1st International Workshop on Automated Software Engineering Education},
	publisher = {IEEE},
	author = {Springer, Jake and Feng, Siji},
	year = {2018},
	pages = {13--20}
}

% Online resources and documentation
@misc{angr_documentation,
	title = {angr Documentation},
	url = {https://docs.angr.io/},
	urldate = {2025-06-27},
	year = {2025}
}

@misc{angr_github,
	title = {angr: A powerful and user-friendly binary analysis platform},
	url = {https://github.com/angr/angr},
	urldate = {2025-06-27},
	year = {2025}
}

@misc{angr_cfg_analysis,
	title = {angr {CFG} Analysis},
	url = {https://github.com/angr/angr/tree/master/angr/analyses/cfg},
	urldate = {2025-06-27},
	year = {2025}
}

@inproceedings{cadar_klee_2008,
	title = {{KLEE}: Unassisted and Automatic Generation of High-Coverage Tests for Complex Systems Programs},
	booktitle = {8th USENIX Symposium on Operating Systems Design and Implementation},
	publisher = {USENIX Association},
	author = {Cadar, Cristian and Dunbar, Daniel and Engler, Dawson},
	year = {2008},
	pages = {209--224},
	series = {OSDI '08}
}

@misc{klee_symbolic_execution,
	title = {{KLEE} Symbolic Execution Engine},
	url = {https://klee.github.io/},
	urldate = {2025-06-27},
	year = {2025}
}
